@misc{LiamTung2020,
year=2020,
title={Programming language {P}ython's popularity: Ahead of {J}ava for first time but still trailing {C}},
author={Liam Tung},
howpublished={\url{https://www.zdnet.com/article/programming-language-pythons-popularity-ahead-of-java-for-first-time-but-still-trailing-c/}}
}

@book{Stewart2014,
title={Python for scientists},
author={John M. Stewart},
publisher={Cambridge University Press},
year=2014}

@book{Fuhrer2016,
title={Scientific Computing with Python 3},
author={Claus F\"uhrer and Jan Erik Solem and Olivier Verdier},
publisher={Packt Publishing},
year=2016}

@book{Mehta2015,
title={Mastering Python Scientific Computing},
author={Hemant Kumar Mehta},
publisher={Packt Publishing},
year=2015}

@article{Polya1920,
author={P\'olya, George},
year=1920,
title={{\"U}ber den zentralen {G}renzwertsatz der {W}ahrscheinlichkeitsrechnung und das
{M}omentenproblem},
journal={Mathematische Zeitschrift},
volume=8,
number={3-4},
pages={171-181}
}

@misc{Wikipedia-CLT,
    author = "{Wikipedia contributors}",
    title = "Central limit theorem --- {Wikipedia}{,} The Free Encyclopedia",
    year = "2021",
    howpublished = "\url{https://en.wikipedia.org/w/index.php?title=Central_limit_theorem&oldid=1011860578}",
    note = "[Online; accessed 13-March-2021]"
}

@book{Montgomery2014,
author={Montgomery, Douglas C. and Runger, George C.},
year=2014,
title={Applied Statistics and Probability for Engineers},
edition=6,
publisher=Wiley,
isbn=9781118539712
}
